@Manual{R,
    title = {R: A Language and Environment for Statistical Computing},
    author = {{R Core Team}},
    organization = {R Foundation for Statistical Computing},
    address = {Vienna, Austria},
    year = {2022},
    url = {https://www.R-project.org/},
  }


@misc{BaseballWAR,
title = {What is WAR in Baseball? How to Calculate WAR in Baseball},
author = {Scott Fujita},
year = 2022,
note = {
	   \url{https://www.scottfujita.com/what-is-war-in-baseball/}
	   }
}

@misc{BaseballReferenceWAR,
  title =	 {Position Player WAR Calculation and Details},
  organization = {Sports Reference LLC},
  year =	 2022,
  note =	 {
                  
\url{https://www.baseball-reference.com/about/war_explained_position.shtml}
 
                 }
}

@misc{BasketballReference,
key = {Basketball Reference},
title = {2020-21 NBA Season Summary},
organization = {Sports Reference LLC},
year = 2022,
note = {
	   
\url{https://www.basketball-reference.com/leagues/NBA_2021.html}
	 
  }
}

@misc{BasketballReferenceBPM,
key = {About Box Plus/Minus (BPM)},
title = {About Box Plus/Minus (BPM)},
organization = {Sports Reference LLC},
year = 2022,
note = {
	   \url{https://www.basketball-reference.com/about/bpm2.html}
	   }
}

@article{Baumer,
  author =	 {Benjamin S. Baumer and Shane T. Jensen and Gregory J. 
Matthews},
  title =	 {openWAR: An open source system for evaluating overall 
player performance in major league baseball},
  journal =	 {Journal of Quantitative Analysis in Sports},
  volume =	 11,
  number =	 2,
  pages =	 {64--89},
  year =	 2015,
}

@article{Dehesa,
author = {Ruben Dehesa and Alejandro Vaquera and Bruno Goncalves and Nuno 
Mateus and Miguel-Angel Gomez-Ruano and Jaime Sampaio},
title = {Key Game Indicators in NBA Players' Performance Profiles},
journal = {Kinesiology},
volume = 51,
number = 1,
pages = {92-101},
year = 2019,
}

@article{Fearnhead,
author = {Paul Fearnhead and Benjamin M. Taylor},
title = {On Estimating the Ability of NBA Players},
journal = {Journal of Quantitative Analysis in Sports},
volume = 7,
number = 3,
year = 2011,
}

@article{Hamalian,
  author={Gregory Hamalian},
  title={Creating the Perfect NBA Team: A Look at PER and How It Affects Wins},
  year=2016,
}

@article{Piette,
author = {James Piette and Sathyanarayan Anand and Kai Zhang},
title = {Scoring and Shooting Abilities of NBA Players},
journal = {Journal of Quantitative Analysis in Sports},
volume = 6,
number = 1,
year = 2010,
}

