@Manual{R,
    title = {R: A Language and Environment for Statistical Computing},
    author = {{R Core Team}},
    organization = {R Foundation for Statistical Computing},
    address = {Vienna, Austria},
    year = {2022},
    url = {https://www.R-project.org/},
  }


@misc{BaseballReferenceWAR,
  title =	 {Position Player WAR Calculation and Details},
  organization = {Sports Reference LLC},
  year =	 2022,
  note =	 {
                  \url{https://www.baseball-reference.com/about/war_explained_position.shtml}
                  }
}

@misc{BasketballReferenceBPM,
title = {About Box Plus/Minus (BPM)},
organization = {Sports Reference LLC},
year = 2022,
note = {
	   \url{https://www.basketball-reference.com/about/bpm2.html}
	   }
}

@article{Baumer,
  author =	 {Benjamin S. Baumer, Shane T. Jensen and Gregory J. Matthews},
  title =	 {openWAR: An open source system for evaluating overall player performance in major league baseball},
  journal =	 {Journal of Quantitative Analysis in Sports},
  volume =	 11
  number =	 2,
  pages =	 {64--89},
  year =	 2015
}
